@article{mori2007writing,
  title={Writing a thesis with \LaTeX},
  author={Mori, Lapo F},
  year={2007}
}